<?xml version="1.0" encoding="UTF-8"?><collection xmlns="http://www.loc.gov/MARC21/slim"><record><leader>00314nam--2200121-i-4500</leader><controlfield tag="001">000047447</controlfield><controlfield tag="002">20161230</controlfield><controlfield tag="005">20161230201046</controlfield><controlfield tag="008">060222s1000------------r-----000-0-eng-d</controlfield><datafield ind1=" " ind2=" " tag="100"><subfield code="a">Wilkinson, J.H</subfield></datafield><datafield ind1=" " ind2=" " tag="245"><subfield code="a">Semi-micro organic preparations</subfield></datafield><datafield ind1=" " ind2=" " tag="260"><subfield code="a">London, Oliver And Boyd, 1958, Xii+184p., 38fig</subfield></datafield><datafield ind1=" " ind2=" " tag="852"><subfield code="a">14912</subfield></datafield></record></collection>